% Tipos e o que colocar nesses tipos:
% https://pt.wikipedia.org/wiki/BibTeX


@techreport{DibioAula5,
    author = {Díbio Leandro Borges},
    title = "{Introdução à Inteligência Artificial - Aula 05}",
    institution = "Universidade de Brasília",
    year = {2020}
}

@techreport{Roteiro,
    author = {Díbio Leandro Borges},
    title = "{Projeto 1 , Introdução à Inteligência Artificial, Turma A, 1/2020}",
    institution = "Universidade de Brasília",
    year = {2020}
}

@article{EIBEN20021,
    author = {A.E. Eiben and M. Schoenauer},
    title = {Evolutionary computing},
    journal = {Information Processing Letters},
    volume = {82},
    number = {1},
    pages = {1 - 6},
    year = {2002},
    note = {Evolutionary Computation},
    issn = {0020-0190},
    url = {http://www.sciencedirect.com/science/article/pii/S0020019002002041},
    urldate = {14/09/2020}
}

@mastersthesis{ferreira_2007,
    author = {Ferreira, Alexandre Beletti},
    title = {Avaliação de operadores de algoritmos genéticos em otimização multidimensional},
    school = {Universidade Estadual Paulista (UNESP)},
    year = {2007},
    url = {https://repositorio.unesp.br/bitstream/handle/11449/88880/ferreira_ab_me_ilha.pdf?sequence=1&isAllowed=y},
    urldate = {14/09/2020}
}

@misc{stoltz_2018,
    author={Stoltz, Eric}, 
    title={Evolution of a salesman: A complete genetic algorithm tutorial for Python},
    year={2018}, 
    month={Julho},
    url = {https://towardsdatascience.com/evolution-of-a-salesman-a-complete-genetic-algorithm-tutorial-for-python-6fe5d2b3ca35},
    urldate = {14/09/2020}
}